<record><leader>00000cas a22000007a 4500</leader><controlfield tag="001">19999689</controlfield><controlfield tag="008">890712d19201954paudn ne      0    0eng d</controlfield><datafield ind1=" " ind2=" " tag="010"><subfield code="a">sn 89077546 </subfield></datafield><datafield ind1=" " ind2=" " tag="040"><subfield code="a">NPH</subfield><subfield code="b">eng</subfield><subfield code="c">NPH</subfield><subfield code="d">OCLCQ</subfield></datafield><datafield ind1=" " ind2=" " tag="042"><subfield code="a">msc</subfield></datafield><datafield ind1="0" ind2=" " tag="130"><subfield code="a">Bristol courier (Bristol, Pa.)</subfield></datafield><datafield ind1="1" ind2="4" tag="245"><subfield code="a">The Bristol courier.</subfield></datafield><datafield ind1=" " ind2=" " tag="260"><subfield code="a">Bristol, Pa. :</subfield><subfield code="b">Bristol Print. Co.,</subfield><subfield code="c">1920-1954.</subfield></datafield><datafield ind1=" " ind2=" " tag="300"><subfield code="a">v. :</subfield><subfield code="b">ill.</subfield></datafield><datafield ind1=" " ind2=" " tag="310"><subfield code="a">Daily (except Sun.)</subfield></datafield><datafield ind1="0" ind2=" " tag="362"><subfield code="a">Vol. 14, no. 225 (Feb. 27, 1920)-v. 48, no. 180 (Jan. 23, 1954).</subfield></datafield><datafield ind1=" " ind2=" " tag="752"><subfield code="a">United States</subfield><subfield code="b">Pennsylvania</subfield><subfield code="c">Bucks</subfield><subfield code="d">Bristol.</subfield></datafield><datafield ind1="0" ind2="0" tag="780"><subfield code="t">Bristol daily courier (Bristol, Pa. : 1914)</subfield><subfield code="w">(DLC)sn 87078417</subfield></datafield><datafield ind1="0" ind2="0" tag="785"><subfield code="t">Bristol daily courier (Bristol, Pa. : 1954)</subfield><subfield code="w">(DLC)sn 89077547</subfield></datafield></record>